@techreport{haber11,
    author = "Carl Haber",
    title = "New Technologies for Preservation and Access to Recorded Sound History",
    institution = "Berkeley Lab",
    month = "March",
    year = "2011"
}

@report{seydoux08,
    author = "Lionel Seydoux",
    title = "Recovery of fragmented records using VisualAudio",
    institution = "College of Engineering and Architecture of Fribourg",
    type = "Technical report",
    month = "March",
    year = "2008"
}

@thesis{benninger12,
    author = "Alain Benninger",
    title = "2D and 3D Scanning of Metallic Records and Masters",
    institution = "College of Engineering and Architecture of Fribourg",
    type = "Bachelor's thesis",
    month = "August",
    year = "2012"
}


@report{benningerchunk12,
    author = "Alain Benninger",
    title = "Chunk Linking of Records",
    institution = "College of Engineering and Architecture of Fribourg",
    type = "Semester project",
    month = "May",
    year = "2012"
}

@thesis{heinzer12,
    author = "Michael Heinzer",
    title = "Adaptive Parameter Determination for Record Processing",
    institution = "College of Engineering and Architecture of Fribourg",
    type = "Bachelor's thesis",
    month = "August",
    year = "2012"
}
@patent{edison1878,
    author = "Thomas A. Edison",
    title = "Phonograph or Speaking Machine",
    month = "February",
    year = "1878",
    number = "200,521",
    location = "United States"
}


@online{wikigram12,
    author = "Wikipedia",
    title = "Gramophone record",
    url = {http://en.wikipedia.org/wiki/Gramophone_record},
    urldate = {2012-10-09}
}
@online{wikiphono12,
    author = "Wikipedia",
    title = "Phonograph",
    url = {http://en.wikipedia.org/wiki/Phonograph},
    urldate = {2012-10-09}
}
@online{wikiphonocyl12,
    author = "Wikipedia",
    title = "Phonograph cylinder",
    url = {http://en.wikipedia.org/wiki/Phonograph_cylinder},
    urldate = {2012-10-09}
}

@online{wikivolta12,
    author = "Wikipedia",
    title = "Volta Laboratory and Bureau",
    url = {http://en.wikipedia.org/wiki/Volta_Laboratory_and_Bureau},
    urldate = {2012-11-29}
}
@online{wikidickson12,
    author = "Wikipedia",
    title = "The Dickson Experimental Sound Film",
    url = {http://en.wikipedia.org/wiki/The_Dickson_Experimental_Sound_Film},
    urldate = {2012-11-29}
}
@online{wikiboas12,
    author = "Wikipedia",
    title = "Franz Boas",
    url = {http://en.wikipedia.org/wiki/Franz_Boas},
    urldate = {2012-11-29}
}

@online{stilsa12,
    author = "Stilsa",
    title = "Non-contact ``line'' sensors",
    url = {http://www.stilsa.com/catalog2/pdf/STILSA_MPLS.pdf},
    urldate = {2012-10-16}
}

@online{peak12,
    author = "Eli Billauer",
    title = "Peak detection using {MATLAB}",
    url = {http://billauer.co.il/peakdet.html},
    urldate = {2012-10-19}
}

@online{wikimorpho12,
    author = "Wikipedia",
    title = "Mathematical morphology",
    url = {http://en.wikipedia.org/wiki/Mathematical_morphology},
    urldate = {2012-12-11}
}